<record><leader>00000cas a2200000 a 4500</leader><controlfield tag="001">8271429</controlfield><controlfield tag="008">820324c19819999hiumr ne     s0    0eng c</controlfield><datafield ind1=" " ind2=" " tag="010"><subfield code="a">sn 93050704 </subfield></datafield><datafield ind1=" " ind2=" " tag="040"><subfield code="a">HUH</subfield><subfield code="b">eng</subfield><subfield code="c">HUH</subfield><subfield code="d">ANU</subfield><subfield code="d">CNK</subfield><subfield code="d">OCL</subfield><subfield code="d">HLS</subfield><subfield code="d">OCLCQ</subfield><subfield code="d">OCLCF</subfield><subfield code="d">OCLCO</subfield></datafield><datafield ind1="1" ind2=" " tag="029"><subfield code="a">AU@</subfield><subfield code="b">000011228570</subfield></datafield><datafield ind1=" " ind2=" " tag="037"><subfield code="b">Office of Hawaiian Affairs, 711 Kapi'olani Blvd., 5th floor, Honolulu, HI, 96813</subfield></datafield><datafield ind1=" " ind2=" " tag="042"><subfield code="a">pcc</subfield></datafield><datafield ind1="1" ind2="4" tag="050"><subfield code="a">DU624.65</subfield><subfield code="b">.W35</subfield></datafield><datafield ind1="0" ind2="3" tag="245"><subfield code="a">Ka Wai ola o OHA =</subfield><subfield code="b">The Living water of OHA.</subfield></datafield><datafield ind1="3" ind2="1" tag="246"><subfield code="a">Living water of OHA</subfield></datafield><datafield ind1=" " ind2=" " tag="260"><subfield code="a">Honolulu, Hawaii :</subfield><subfield code="b">Office of Hawaiian Affairs,</subfield><subfield code="c">[1981]-</subfield></datafield><datafield ind1=" " ind2=" " tag="300"><subfield code="a">v. :</subfield><subfield code="b">ill.</subfield></datafield><datafield ind1=" " ind2=" " tag="310"><subfield code="a">Monthly,</subfield><subfield code="b">&lt;Jan. 1985-</subfield></datafield><datafield ind1=" " ind2=" " tag="321"><subfield code="a">Quarterly</subfield></datafield><datafield ind1="0" ind2=" " tag="362"><subfield code="a">Vol. 1, no. 1 (summer 1981)-</subfield></datafield><datafield ind1=" " ind2=" " tag="515"><subfield code="a">Vol. 1 (1981) includes Special ed. (fall 1981), v. 5 contains 2 special issues, (Jan. 23, 1988 and Special election issue in Oct.).</subfield></datafield><datafield ind1=" " ind2="0" tag="650"><subfield code="a">Hawaiians</subfield><subfield code="x">Politics and government</subfield><subfield code="v">Newspapers.</subfield></datafield><datafield ind1=" " ind2="0" tag="650"><subfield code="a">Hawaiians</subfield><subfield code="x">Social conditions</subfield><subfield code="v">Newspapers.</subfield></datafield><datafield ind1=" " ind2="0" tag="650"><subfield code="a">Hawaiians</subfield><subfield code="x">Economic conditions</subfield><subfield code="v">Newspapers.</subfield></datafield><datafield ind1=" " ind2="7" tag="655"><subfield code="a">Newspapers.</subfield><subfield code="2">fast</subfield><subfield code="0">(OCoLC)fst01423814</subfield></datafield><datafield ind1=" " ind2="7" tag="650"><subfield code="a">Hawaiians</subfield><subfield code="x">Economic conditions.</subfield><subfield code="2">fast</subfield><subfield code="0">(OCoLC)fst00952039</subfield></datafield><datafield ind1=" " ind2="7" tag="650"><subfield code="a">Hawaiians</subfield><subfield code="x">Politics and government.</subfield><subfield code="2">fast</subfield><subfield code="0">(OCoLC)fst00952069</subfield></datafield><datafield ind1=" " ind2="7" tag="650"><subfield code="a">Hawaiians</subfield><subfield code="x">Social conditions.</subfield><subfield code="2">fast</subfield><subfield code="0">(OCoLC)fst00952076</subfield></datafield><datafield ind1="2" ind2=" " tag="710"><subfield code="a">Office of Hawaiian Affairs.</subfield></datafield><datafield ind1=" " ind2=" " tag="752"><subfield code="a">United States</subfield><subfield code="b">Hawaii</subfield><subfield code="c">Honolulu</subfield><subfield code="d">Honolulu.</subfield></datafield></record>